@TECHREPORT{ MOUNT-PDR ,
	author = "OHB and ODC and IMT",
	title = "Preliminary Design Report",
	number = "G-350",
	institution = "OHB",
	year = 2021,
  month = 02
}

@TECHREPORT{ GMT.DOC.05211 ,
	author = "H. Fitzpatrick, K. Vogiatzis and R. Conan",
	title = "GMT Observatory Computational Fluid Dynamics Baseline Model",
	number = "GMT-DOC-05211",
	institution = "GMTO",
	year = 2021,
  month = 11
}


@TECHREPORT{ GMT.DOC.05214 ,
	author = "R. Conan, K. Vogiatzis and  H. Fitzpatrick",
	title = "GMT Observatory Computational Fluid Dynamics 2021 Census",
	number = "GMT-DOC-05214",
	institution = "GMTO",
	year = 2021,
  month = 11
}
@TECHREPORT{ GMT.DOC.05506 ,
	author = "R. Conan",
	title = "Transformation of wind loads from CFD to FEM",
	number = "GMT-DOC-05506",
	institution = "GMTO",
	year = 2022,
  month = 9
}
@misc{20220611_1945_MT_mount_zen_00_m1HFN_FSM_,
  title        = {GMT FEM with FSM at 0deg zenith angle},
  howpublished = "\url{IM/Christoph/Rodrigo/20220611_1945_MT_mount_zen_00_m1HFN_FSM_}",
  author       = {Dribusch, C.},
  number       = "20220611_1945_MT_mount_zen_00_m1HFN_FSM_",
  year         = 2022
}
@misc{20220610_1023_MT_mount_zen_30_m1HFN_FSM_,
  title        = {GMT FEM with FSM at 30deg zenith angle},
  howpublished = "\url{IM/Christoph/Rodrigo/20220610_1023_MT_mount_zen_30_m1HFN_FSM_}",
  author       = {Dribusch, C.},
  number       = "20220610_1023_MT_mount_zen_30_m1HFN_FSM_",
  year         = 2022
}
@misc{20220621_1443_MT_mount_zen_60_m1HFN_FSM_,
  title        = {GMT FEM with FSM at 60deg zenith angle},
  howpublished = "\url{IM/Christoph/Rodrigo/20220621_1443_MT_mount_zen_60_m1HFN_FSM_}",
  author       = {Dribusch, C.},
  number       = "20220621_1443_MT_mount_zen_60_m1HFN_FSM_",
  year         = 2022
}
@misc{CEO,
  title        = {CUDA Engined Optics},
  howpublished = "\url{https://github.com/rconan/CEO/tree/rust}",
  author       = {Conan, R.},
  number       = "b5b3500",
  year         = 2022
}